@online{armstrong2023a,
	author = {Armstrong, D. and Rucker, P. and Miller, M.},
	title = {How Cigna Saves Millions by Having Its Doctors Reject Claims Without Reading Them},
	year = {2023},
	url = {https://www.propublica.org/article/cigna-pxdx-medical-health-insurance-rejection-claims},
},
@online{armstrong2023b,
	author = {Armstrong, D. and Rucker, P. and Miller, M.},
	title = {UnitedHealthcare Tried to Deny Coverage to a Chronically Ill Patient. He Fought Back, Exposing the Insurer's Inner Workings.},
	year = {2023},
	url = {https://www.propublica.org/article/unitedhealth-healthcare-insurance-denial-ulcerative-colitis},
},
@article{fox2022,
	author = {Fox, J.},
	title = {The Lived experience Of Health insurance: An Analysis and Proposal for Reform},
	year = {2022},
},
@online{konrad2010,
	author = {Konrad, W.},
	title = {Fighting Denied Claims Requires Perseverance},
	year = {2010},
	url = {https://www.nytimes.com/2010/02/06/health/06patient.htmll},
},
@online{pollitz2021,
	author = {Pollitz, K.},
	title = {Consumer Appeal Rights in Private Health Coverage},
	year = {2021},
	url = {https://www.kff.org/private-insurance/issue-brief/consumer-appeal-rights-in-private-health-coverage/},
},
@online{fields2023,
	author = {Fields, R.},
	title = {How Often Do Health Insurers Say No to Patients? No One Knows. },
	year = {2023},
	url = {https://www.propublica.org/article/how-often-do-health-insurers-deny-patients-claims},
}	